@techreport{unreport,
  author      = {Yongwang Liu, Zhenxiong Fan},
  institution = {United Nations Economic and Social Commission for Asia and the Pacific},
  title       = {The Digital Divide and COVID-19},
  year        = {2022}
}

@misc{data_halflife,
  author       = {Scottie Todd},
  howpublished = {\url{https://www.linkedin.com/pulse/half-life-data-scottie-todd/}},
  title        = { What is the Half-Life of Data? },
  year         = {2021},
  note         = {(Accessed on 12/17/2022)}
}

@article{dtn_intro,
  author          = {C. Caini, H. Cruickshank, S. Farrell and M. Marchese},
  journal         = {Proceedings of the IEEE},
  number          = {11},
  title           = {Delay and Disruption Tolerant Networking (DTN): An Alternative Solution for Future Satellite Networking Applications},
  volume          = {99},
  pages           = {1980-1997},
  month           = {Nov},
  year            = {2011}
}

@article{rw1,
  author          = {Kevin Fall},
  journal         = {Special Interest Group on Data Communications (SIGCOMM)},
  title           = {A delay-tolerant network architecture for challenged internets},
  pages           = {27-34},
  year            = {2003},
  month           = {Aug}
}

@article{rw2,
  author          = {M. Alfonzo and Servicios Tecnol√≥gicos Integrados and J. A. Fraire and E. Kocian and N. Alvarez},
  journal         = {2014 IEEE Biennial Congress of Argentina (ARGENCON)},
  title           = {Development of a DTN bundle protocol convergence layer for SpaceWire},
  pages           = {770-775},
  year            = {2014}
}

@misc{rw3,
  author          = {S. Burleigh and K. Fall and E. Birrane},
  title           = {RFC 9171: Bundle Protocol Version 7},
  howpublished    = {\url{<https://www.rfc-editor.org/info/rfc9171>}},
  year            = {2022},
  month           = {Jan},
}

@misc{rw4,
  author          = {S. Symington and S. Farrell and H. Weiss and P. Lovell},
  howpublished    = {\url{<https://www.rfc-editor.org/info/rfc6257>}},
  title           = {Bundle Security Protocol Specification},
  year            = {2011},
  month           = {Jan}
}

@techreport{rw5,
  author      = {A. Vahdat and D. Becker},
  institution = {Duke University},
  title       = {Epidemic routing for partially connected ad hoc networks},
  year        = {2000}
}

@article{rw6,
  author          = {P. Garg and H. Kumar and R. Johari and P. Gupta and R. Bhatia},
  journal         = {5th International Conference on Signal Processing and Integrated Networks},
  title           = {Enhanced Epidemic Routing Protocol in Delay Tolerant Networks},
  pages           = {396-401},
  year            = {2018}
}

@article{rw7,
  author          = {T. Choksatid and W. Narongkhachavana and S. Prabhavat},
  journal         = {13th IEEE Annual Consumer Communications and Networking Conference},
  title           = {An efficient spreading Epidemic Routing for Delay-Tolerant Network},
  pages           = {473-476},
  year            = {2016}
}

@article{rw8,
  author          = {J. Shen and S. Moh and I. Chung},
  journal         = {International Conference on Circuits/Systems, Computers and Communications},
  number          = {23},
  title           = {Routing Protocols in Delay Tolerant Networks: A Comparative Survey},
  year            = {2008}
}

@article{rw9,
  author          = {G. Sandulescu and S.N. Tehrani},
  journal         = {Asian Internet Engineering Conference},
  number          = {4},
  title           = {Opportunistic DTN Routing with Window-aware Adaptive replication},
  year            = {2008}
}

@article{rw10,
  author          = {A. Lindgren, A. Doria and O. Schelen},
  journal         = {ACM SIGMOBILE Mobile Computing and CommunicationsReview},
  number          = {3},
  title           = {Probabilistic routing in intermittently connected networks},
  volume          = {7},
  pages           = {19-20},
  year            = {2003}
}

@article{rw11,
  author          = {S. Pathak, N. Gondaliya and N. Raja},
  journal         = {International Conference on Emerging Trends and Innovation in ICT},
  title           = {A survey on PROPHET based routing protocol in delay tolerant network},
  pages           = {110-115},
  year            = {2017}
}

@article{rw12,
  author          = {S. Symington and  S. Farrell and H. Weiss and P. Lovell},
  journal         = {Internet Engineering Task Force},
  number          = {6257},
  title           = {RFC 6257: Bundle Security Protocol Specification},
  year            = {2011}
}

@article{rw13,
  author          = {Edward J. Birrane and Kenneth McKeever},
  journal         = {Internet Engineering Task Force},
  number          = {9172},
  title           = { Bundle Protocol Security (BPSec) },
  year            = {2022}
}

@article{rw14,
  author          = {M. N. M. Bhutta and H. Cruickshank and A. Nadeem},
  journal         = {International Conference on Advances in the Emerging Computing Technologies},
  title           = {A Framework for Key Management Architecture for DTN: Requirements and Design},
  pages           = {1-4},
  year            = {2019}
}

@article{rw15,
  author          = {Muhammad Nasir Mumtaz Bhutta and H Cruickshank and Z. Sun},
  journal         = {Springer},
  title           = {An Efficient, Scalable Key Transport Scheme (ESKTS) for Delay/Disruption Tolerant Networks},
  pages           = {1597-1609},
  year            = {2014}
}

@article{rw16,
  author          = {D. Mazieres and M. Kaminsky and M. Frans Kaashoek and E. Witchel},
  journal         = {ACM Symposium on Operating Systems Principles},
  title           = {Separating key management from file system security},
  number          = {17},
  pages           = {124-139},
  year            = {1999}
}

@article{rw17,
  author          = {J. Martin and T. Mayberry and C. Donahue and L. Foppe and L. Brown and C. Riggins and E. C. Rye and D. Brown},
  journal         = {Proceedings on Privacy Enhancing Technologies},
  title           = {study of mac address randomization in mobile devices and when it fails},
  pages           = {365-383},
  year            = {2017}
}

@techreport{rw18,
  author      = {T. Perrin and M. Marlinspike},
  institution = {Signal},
  title       = {The Double Ratchet Algorithm},
  year        = {2016},
  howpublished = {\url{https://signal.org/docs/specifications/doubleratchet/}}
}

@article{rw19,
  author          = {R. Khan and K. McLaughlin and B. Kang and D. Laverty and S. Sezer},
  journal         = {IEEE Power and Energy Society General Meeting},
  title           = {A Novel Edge Security Gateway for End-to-End Protection in Industrial Internet of Things},
  pages           = {1-5},
  year            = {2021}
}

@article{rw20,
  author          = {Y. Zhu and Y. Zeng and J. Xu and Y. Xie and J. Jiang},
  journal         = {International Conference on Communication Engineering and Technology},
  number          = {5},
  title           = {A Research on the Authentication Scheme For 5G Network Based on Double Ratchet Algorithm},
  pages           = {49-53},
  year            = {2022}
}
